
<marc:record><marc:leader>02639cam a2200493 i 4500</marc:leader>
<marc:controlfield tag="001">001022803</marc:controlfield>
<marc:controlfield tag="005">20170712134620.0</marc:controlfield><marc:controlfield tag="006">m     o  d f      </marc:controlfield><marc:controlfield tag="007">cr mn|||||||||</marc:controlfield><marc:controlfield tag="008">820317s1944    dcu     o    f000 0 eng c</marc:controlfield><marc:datafield tag="010" ind1=" " ind2=" "><marc:subfield code="z">l 45000013</marc:subfield></marc:datafield><marc:datafield tag="035" ind1=" " ind2=" "><marc:subfield code="a">(OCoLC)988796099</marc:subfield></marc:datafield><marc:datafield tag="040" ind1=" " ind2=" "><marc:subfield code="a">Z5A</marc:subfield><marc:subfield code="b">eng</marc:subfield><marc:subfield code="e">rda</marc:subfield><marc:subfield code="e">pn</marc:subfield><marc:subfield code="c">Z5A</marc:subfield><marc:subfield code="d">OCLCO</marc:subfield><marc:subfield code="d">OCLCF</marc:subfield><marc:subfield code="d">GPO</marc:subfield></marc:datafield><marc:datafield tag="042" ind1=" " ind2=" "><marc:subfield code="a">pcc</marc:subfield></marc:datafield><marc:datafield tag="043" ind1=" " ind2=" "><marc:subfield code="a">n-us---</marc:subfield></marc:datafield><marc:datafield tag="086" ind1="0" ind2=" "><marc:subfield code="a">L 13.10:20</marc:subfield></marc:datafield><marc:datafield tag="100" ind1="1" ind2=" "><marc:subfield code="a">Pidgeon, Mary Elizabeth,</marc:subfield><marc:subfield code="e">author.</marc:subfield></marc:datafield><marc:datafield tag="245" ind1="1" ind2="0"><marc:subfield code="a">Changes in women's employment during the war /</marc:subfield><marc:subfield code="c">by Mary Elizabeth Pidgeon.</marc:subfield></marc:datafield><marc:datafield tag="264" ind1=" " ind2="1"><marc:subfield code="a">Washington :</marc:subfield><marc:subfield code="b">United States Government Printing Office,</marc:subfield><marc:subfield code="c">1944.</marc:subfield></marc:datafield><marc:datafield tag="300" ind1=" " ind2=" "><marc:subfield code="a">1 online resource (vi, 29 pages including tables).</marc:subfield></marc:datafield><marc:datafield tag="336" ind1=" " ind2=" "><marc:subfield code="a">text</marc:subfield><marc:subfield code="b">txt</marc:subfield><marc:subfield code="2">rdacontent</marc:subfield></marc:datafield><marc:datafield tag="337" ind1=" " ind2=" "><marc:subfield code="a">computer</marc:subfield><marc:subfield code="b">c</marc:subfield><marc:subfield code="2">rdamedia</marc:subfield></marc:datafield><marc:datafield tag="338" ind1=" " ind2=" "><marc:subfield code="a">online resource</marc:subfield><marc:subfield code="b">cr</marc:subfield><marc:subfield code="2">rdacarrier</marc:subfield></marc:datafield><marc:datafield tag="490" ind1="1" ind2=" "><marc:subfield code="a">Special bulletin ... of the Women's Bureau ;</marc:subfield><marc:subfield code="v">no. 20</marc:subfield></marc:datafield><marc:datafield tag="500" ind1=" " ind2=" "><marc:subfield code="a">As of 07/12/2017, GPO could not validate the distribution status of this title for the Federal Depository Library Program (FDLP).</marc:subfield></marc:datafield><marc:datafield tag="500" ind1=" " ind2=" "><marc:subfield code="a">At head of title: United States Dept. of Labor, Frances Perkins, secretary. Women's Bureau, Mary Anderson, director.</marc:subfield></marc:datafield><marc:datafield tag="505" ind1="2" ind2=" "><marc:subfield code="a">Employment of women in the war period -- significant facts -- Source of new data on employment of women -- Women as permanent part of the labor force -- War increases in woman employment -- War shifts in women's employment in major occupation groups -- Changes in women employment by industry group -- Marital status of women war workers -- Age of women workers and women not at work -- Appendix -- General tables.</marc:subfield></marc:datafield><marc:datafield tag="588" ind1=" " ind2=" "><marc:subfield code="a">Description based on online resource, PDF version; title from title page (viewed July 12, 2017).</marc:subfield></marc:datafield><marc:datafield tag="611" ind1="2" ind2="7"><marc:subfield code="a">World War (1939-1945)</marc:subfield><marc:subfield code="2">fast</marc:subfield><marc:subfield code="0">(OCoLC)fst01180924</marc:subfield></marc:datafield><marc:datafield tag="650" ind1=" " ind2="0"><marc:subfield code="a">Women</marc:subfield><marc:subfield code="x">Employment</marc:subfield><marc:subfield code="z">United States.</marc:subfield></marc:datafield><marc:datafield tag="650" ind1=" " ind2="0"><marc:subfield code="a">World War, 1939-1945</marc:subfield><marc:subfield code="x">Women.</marc:subfield></marc:datafield><marc:datafield tag="650" ind1=" " ind2="7"><marc:subfield code="a">Women.</marc:subfield><marc:subfield code="2">fast</marc:subfield><marc:subfield code="0">(OCoLC)fst01176568</marc:subfield></marc:datafield><marc:datafield tag="650" ind1=" " ind2="7"><marc:subfield code="a">Women</marc:subfield><marc:subfield code="x">Employment.</marc:subfield><marc:subfield code="2">fast</marc:subfield><marc:subfield code="0">(OCoLC)fst01176715</marc:subfield></marc:datafield><marc:datafield tag="651" ind1=" " ind2="7"><marc:subfield code="a">United States.</marc:subfield><marc:subfield code="2">fast</marc:subfield><marc:subfield code="0">(OCoLC)fst01204155</marc:subfield></marc:datafield><marc:datafield tag="648" ind1=" " ind2="7"><marc:subfield code="a">1939-1945</marc:subfield><marc:subfield code="2">fast</marc:subfield></marc:datafield><marc:datafield tag="710" ind1="1" ind2=" "><marc:subfield code="a">United States.</marc:subfield><marc:subfield code="b">Women's Bureau,</marc:subfield><marc:subfield code="e">issuing body.</marc:subfield></marc:datafield><marc:datafield tag="776" ind1="0" ind2="8"><marc:subfield code="i">Print version:</marc:subfield><marc:subfield code="a">Pidgeon, Mary Elizabeth.</marc:subfield><marc:subfield code="t">Changes in women's employment during the war.</marc:subfield><marc:subfield code="d">Washington, U.S. Govt. Print. Off., 1944</marc:subfield><marc:subfield code="w">(DLC)l 45000013</marc:subfield><marc:subfield code="w">(OCoLC)8249790</marc:subfield></marc:datafield><marc:datafield tag="830" ind1=" " ind2="0"><marc:subfield code="a">Special bulletin (United States. Women's Bureau) ;</marc:subfield><marc:subfield code="v">no. 20.</marc:subfield></marc:datafield><marc:datafield tag="856" ind1="4" ind2="0"><marc:subfield code="z">Available at FRASER</marc:subfield><marc:subfield code="u">http://purl.fdlp.gov/GPO/gpo82581</marc:subfield></marc:datafield><marc:datafield tag="856" ind1="4" ind2=" "><marc:subfield code="z">Address at time of PURL creation</marc:subfield><marc:subfield code="u">https://fraser.stlouisfed.org/title/?id=334</marc:subfield></marc:datafield><marc:datafield tag="994" ind1=" " ind2=" "><marc:subfield code="a">C0</marc:subfield><marc:subfield code="b">GPO</marc:subfield></marc:datafield><marc:datafield tag="049" ind1=" " ind2=" "><marc:subfield code="a">DGPO</marc:subfield></marc:datafield><marc:datafield tag="955" ind1=" " ind2=" "><marc:subfield code="a">bca59 20170712</marc:subfield><marc:subfield code="b">20170712</marc:subfield></marc:datafield><marc:datafield tag="955" ind1=" " ind2=" "><marc:subfield code="a">CATPART; FRASER</marc:subfield></marc:datafield></marc:record>