
<marc:record><marc:leader>01572nam a2200397Ii 4500</marc:leader>
<marc:controlfield tag="001">000934096</marc:controlfield>
<marc:controlfield tag="005">20141124151857.0</marc:controlfield><marc:controlfield tag="006">m     o  d f      </marc:controlfield><marc:controlfield tag="007">cr bn|||||||||</marc:controlfield><marc:controlfield tag="008">141124s1954    pau     o    f000 0 eng d</marc:controlfield><marc:datafield tag="035" ind1=" " ind2=" "><marc:subfield code="a">(OCoLC)896828179</marc:subfield></marc:datafield><marc:datafield tag="040" ind1=" " ind2=" "><marc:subfield code="a">GPO</marc:subfield><marc:subfield code="b">eng</marc:subfield><marc:subfield code="e">rda</marc:subfield><marc:subfield code="e">pn</marc:subfield><marc:subfield code="c">GPO</marc:subfield></marc:datafield><marc:datafield tag="043" ind1=" " ind2=" "><marc:subfield code="a">n-us---</marc:subfield></marc:datafield><marc:datafield tag="086" ind1="0" ind2=" "><marc:subfield code="a">A 13.42/20:34</marc:subfield></marc:datafield><marc:datafield tag="100" ind1="1" ind2=" "><marc:subfield code="a">Somes, H. A.,</marc:subfield><marc:subfield code="e">author.</marc:subfield></marc:datafield><marc:datafield tag="245" ind1="1" ind2="0"><marc:subfield code="a">Do thinning and prescribed burning affect the growth of shortleaf pine? /</marc:subfield><marc:subfield code="c">[H.A. Somes and G.R. Moorhead].</marc:subfield></marc:datafield><marc:datafield tag="264" ind1=" " ind2="1"><marc:subfield code="a">Upper Darby, Pennsylvania :</marc:subfield><marc:subfield code="b">Department of Agriculture, Forest Service, Northeastern Forest Experiment Station,</marc:subfield><marc:subfield code="c">1954.</marc:subfield></marc:datafield><marc:datafield tag="300" ind1=" " ind2=" "><marc:subfield code="a">1 online resource (2 pages).</marc:subfield></marc:datafield><marc:datafield tag="336" ind1=" " ind2=" "><marc:subfield code="a">text</marc:subfield><marc:subfield code="2">rdacontent</marc:subfield></marc:datafield><marc:datafield tag="337" ind1=" " ind2=" "><marc:subfield code="a">computer</marc:subfield><marc:subfield code="2">rdamedia</marc:subfield></marc:datafield><marc:datafield tag="338" ind1=" " ind2=" "><marc:subfield code="a">online resource</marc:subfield><marc:subfield code="2">rdacarrier</marc:subfield></marc:datafield><marc:datafield tag="490" ind1="1" ind2=" "><marc:subfield code="a">Forest research notes / Northeastern Forest Experiment Station ;</marc:subfield><marc:subfield code="v">no. 34</marc:subfield></marc:datafield><marc:datafield tag="500" ind1=" " ind2=" "><marc:subfield code="a">Title from title screen (viewed Nov. 19, 2014).</marc:subfield></marc:datafield><marc:datafield tag="500" ind1=" " ind2=" "><marc:subfield code="a">&quot;August 1954.&quot;</marc:subfield></marc:datafield><marc:datafield tag="500" ind1=" " ind2=" "><marc:subfield code="a">Publication pre-dates Federal Depository Library Program (FDLP) item numbers. No FDLP item number has been assigned</marc:subfield></marc:datafield><marc:datafield tag="650" ind1=" " ind2="0"><marc:subfield code="a">Forest thinning.</marc:subfield></marc:datafield><marc:datafield tag="650" ind1=" " ind2="0"><marc:subfield code="a">Shortleaf pine</marc:subfield><marc:subfield code="x">Growth.</marc:subfield></marc:datafield><marc:datafield tag="700" ind1="1" ind2=" "><marc:subfield code="a">Moorhead, G. R.,</marc:subfield><marc:subfield code="e">author.</marc:subfield></marc:datafield><marc:datafield tag="710" ind1="2" ind2=" "><marc:subfield code="a">Northeastern Forest Experiment Station (Radnor, Pa.),</marc:subfield><marc:subfield code="e">issuing body.</marc:subfield></marc:datafield><marc:datafield tag="830" ind1=" " ind2="0"><marc:subfield code="a">Forest research notes (Upper Darby, Pa.) ;</marc:subfield><marc:subfield code="v">no. 34.</marc:subfield></marc:datafield><marc:datafield tag="856" ind1="4" ind2="0"><marc:subfield code="u">http://purl.fdlp.gov/GPO/gpo42963</marc:subfield></marc:datafield><marc:datafield tag="856" ind1="4" ind2=" "><marc:subfield code="u">http://www.nrs.fs.fed.us/pubs/rn/frn_ne34.pdf</marc:subfield></marc:datafield><marc:datafield tag="994" ind1=" " ind2=" "><marc:subfield code="a">C0</marc:subfield><marc:subfield code="b">GPO</marc:subfield></marc:datafield><marc:datafield tag="049" ind1=" " ind2=" "><marc:subfield code="a">GPOO</marc:subfield></marc:datafield><marc:datafield tag="955" ind1=" " ind2=" "><marc:subfield code="a">BCS1;</marc:subfield></marc:datafield><marc:datafield tag="955" ind1=" " ind2=" "><marc:subfield code="a">bcb55 20141124</marc:subfield><marc:subfield code="b">20141124</marc:subfield></marc:datafield></marc:record>