
<marc:record><marc:leader>06114cas a2200853 i 4500</marc:leader>
<marc:controlfield tag="001">000937687</marc:controlfield>
<marc:controlfield tag="005">20141031085448.0</marc:controlfield><marc:controlfield tag="006">m     o  d        </marc:controlfield><marc:controlfield tag="007">cr |||||||||||</marc:controlfield><marc:controlfield tag="008">101115d19011912dcuar   o    f0    0eng c</marc:controlfield><marc:datafield tag="010" ind1=" " ind2=" "><marc:subfield code="a">2014230738</marc:subfield></marc:datafield><marc:datafield tag="019" ind1=" " ind2=" "><marc:subfield code="a">404070073</marc:subfield><marc:subfield code="a">656944392</marc:subfield><marc:subfield code="a">665226180</marc:subfield><marc:subfield code="a">731007740</marc:subfield></marc:datafield><marc:datafield tag="035" ind1=" " ind2=" "><marc:subfield code="a">(OCoLC)681544593</marc:subfield><marc:subfield code="z">(OCoLC)404070073</marc:subfield><marc:subfield code="z">(OCoLC)656944392</marc:subfield><marc:subfield code="z">(OCoLC)665226180</marc:subfield><marc:subfield code="z">(OCoLC)731007740</marc:subfield></marc:datafield><marc:datafield tag="040" ind1=" " ind2=" "><marc:subfield code="a">OCLCE</marc:subfield><marc:subfield code="b">eng</marc:subfield><marc:subfield code="e">rda</marc:subfield><marc:subfield code="e">pn</marc:subfield><marc:subfield code="c">OCLCE</marc:subfield><marc:subfield code="d">OCLCQ</marc:subfield><marc:subfield code="d">OCLCO</marc:subfield><marc:subfield code="d">OCLCQ</marc:subfield><marc:subfield code="d">OCLCF</marc:subfield><marc:subfield code="d">GPO</marc:subfield><marc:subfield code="d">OCLCO</marc:subfield><marc:subfield code="d">GPO</marc:subfield><marc:subfield code="d">UIU</marc:subfield><marc:subfield code="d">GPO</marc:subfield></marc:datafield><marc:datafield tag="042" ind1=" " ind2=" "><marc:subfield code="a">pcc</marc:subfield></marc:datafield><marc:datafield tag="043" ind1=" " ind2=" "><marc:subfield code="a">n-us---</marc:subfield></marc:datafield><marc:datafield tag="086" ind1="0" ind2=" "><marc:subfield code="a">A 10.1/1:</marc:subfield></marc:datafield><marc:datafield tag="110" ind1="1" ind2=" "><marc:subfield code="a">United States.</marc:subfield><marc:subfield code="b">Office of Experiment Stations,</marc:subfield><marc:subfield code="e">author.</marc:subfield></marc:datafield><marc:datafield tag="245" ind1="1" ind2="0"><marc:subfield code="a">Annual report of the Office of Experiment Stations for the year ended ... /</marc:subfield><marc:subfield code="c">U.S. Department of Agriculture.</marc:subfield></marc:datafield><marc:datafield tag="246" ind1="1" ind2=" "><marc:subfield code="a">Report of Office of Experiment Stations</marc:subfield></marc:datafield><marc:datafield tag="264" ind1=" " ind2="1"><marc:subfield code="a">Washington :</marc:subfield><marc:subfield code="b">Government Printing Office,</marc:subfield><marc:subfield code="c">1902-1913.</marc:subfield></marc:datafield><marc:datafield tag="300" ind1=" " ind2=" "><marc:subfield code="a">1 online resource (12 volumes).</marc:subfield></marc:datafield><marc:datafield tag="310" ind1=" " ind2=" "><marc:subfield code="a">Annual</marc:subfield></marc:datafield><marc:datafield tag="336" ind1=" " ind2=" "><marc:subfield code="a">text</marc:subfield><marc:subfield code="b">txt</marc:subfield><marc:subfield code="2">rdacontent</marc:subfield></marc:datafield><marc:datafield tag="337" ind1=" " ind2=" "><marc:subfield code="a">computer</marc:subfield><marc:subfield code="b">c</marc:subfield><marc:subfield code="2">rdamedia</marc:subfield></marc:datafield><marc:datafield tag="338" ind1=" " ind2=" "><marc:subfield code="a">online resource</marc:subfield><marc:subfield code="b">cr</marc:subfield><marc:subfield code="2">rdacarrier</marc:subfield></marc:datafield><marc:datafield tag="362" ind1="1" ind2=" "><marc:subfield code="a">Began with: June 30, 1901; ceased with: June 30, 1912.</marc:subfield></marc:datafield><marc:datafield tag="490" ind1="1" ind2=" "><marc:subfield code="3">1901:</marc:subfield><marc:subfield code="a">Document / Congress, House of Representatives</marc:subfield></marc:datafield><marc:datafield tag="490" ind1="1" ind2=" "><marc:subfield code="3">1902- :</marc:subfield><marc:subfield code="a">Document / United States, Congress, Senate</marc:subfield></marc:datafield><marc:datafield tag="500" ind1=" " ind2=" "><marc:subfield code="a">Publication pre-dates Federal Depository Library Program (FDLP) item numbers. No FDLP item number has been assigned.</marc:subfield></marc:datafield><marc:datafield tag="515" ind1=" " ind2=" "><marc:subfield code="a">Report year ends June 30.</marc:subfield></marc:datafield><marc:datafield tag="580" ind1=" " ind2=" "><marc:subfield code="a">Absorbed: United States. Office of Experiment Stations. Report of irrigation investigations; represented in 1903 report as &quot;Report of irrigation investigations&quot; section.</marc:subfield></marc:datafield><marc:datafield tag="580" ind1=" " ind2=" "><marc:subfield code="a">Section entitled &quot;Report of irrigation investigations&quot; from 1903 report merged with: United States. Office of Experiment Stations. Report on drainage investigations; and: United States. Office of Experiment Stations. Report on irrigation investigations in humid sections of the United States in ... ; in 1904 to form: United States. Office of Experiment Stations. Annual report of irrigation and drainage investigations; briefer form continues in this title as &quot;Report of irrigation and drainage investigations&quot; section.</marc:subfield></marc:datafield><marc:datafield tag="580" ind1=" " ind2=" "><marc:subfield code="a">Reports for 1903-1912 contain the 1903-1912 reports of: Statistics of the land-grant colleges and agricultural experiment stations for the year ending ...</marc:subfield></marc:datafield><marc:datafield tag="580" ind1=" " ind2=" "><marc:subfield code="a">Reports for 1901-1904 contain the 1901-1904 annual reports of the Hawaii Agricultural Experiment Station; Alaska Agricultural Experiment Stations (U.S.); and: Porto Rico Agricultural Experiment Station.</marc:subfield></marc:datafield><marc:datafield tag="588" ind1=" " ind2=" "><marc:subfield code="a">Description based on: 1901; title from title screen (viewed June 10, 2014).</marc:subfield></marc:datafield><marc:datafield tag="588" ind1=" " ind2=" "><marc:subfield code="a">Latest issue consulted: 1912 (viewed June 10, 2014).</marc:subfield></marc:datafield><marc:datafield tag="610" ind1="1" ind2="0"><marc:subfield code="a">United States.</marc:subfield><marc:subfield code="b">Office of Experiment Stations</marc:subfield><marc:subfield code="v">Periodicals.</marc:subfield></marc:datafield><marc:datafield tag="650" ind1=" " ind2="0"><marc:subfield code="a">Agricultural experiment stations</marc:subfield><marc:subfield code="z">United States</marc:subfield><marc:subfield code="v">Periodicals.</marc:subfield></marc:datafield><marc:datafield tag="650" ind1=" " ind2="0"><marc:subfield code="a">Agriculture</marc:subfield><marc:subfield code="z">United States</marc:subfield><marc:subfield code="v">Periodicals.</marc:subfield></marc:datafield><marc:datafield tag="650" ind1=" " ind2="0"><marc:subfield code="a">Irrigation</marc:subfield><marc:subfield code="z">United States</marc:subfield><marc:subfield code="v">Periodicals.</marc:subfield></marc:datafield><marc:datafield tag="650" ind1=" " ind2="0"><marc:subfield code="a">Drainage</marc:subfield><marc:subfield code="z">United States</marc:subfield><marc:subfield code="v">Periodicals.</marc:subfield></marc:datafield><marc:datafield tag="610" ind1="1" ind2="7"><marc:subfield code="a">United States.</marc:subfield><marc:subfield code="b">Office of Experiment Stations.</marc:subfield><marc:subfield code="2">fast</marc:subfield><marc:subfield code="0">(OCoLC)fst00571494</marc:subfield></marc:datafield><marc:datafield tag="650" ind1=" " ind2="7"><marc:subfield code="a">Agricultural experiment stations.</marc:subfield><marc:subfield code="2">fast</marc:subfield><marc:subfield code="0">(OCoLC)fst00800770</marc:subfield></marc:datafield><marc:datafield tag="650" ind1=" " ind2="7"><marc:subfield code="a">Agriculture.</marc:subfield><marc:subfield code="2">fast</marc:subfield><marc:subfield code="0">(OCoLC)fst00801355</marc:subfield></marc:datafield><marc:datafield tag="650" ind1=" " ind2="7"><marc:subfield code="a">Drainage.</marc:subfield><marc:subfield code="2">fast</marc:subfield><marc:subfield code="0">(OCoLC)fst00897411</marc:subfield></marc:datafield><marc:datafield tag="650" ind1=" " ind2="7"><marc:subfield code="a">Irrigation.</marc:subfield><marc:subfield code="2">fast</marc:subfield><marc:subfield code="0">(OCoLC)fst00979502</marc:subfield></marc:datafield><marc:datafield tag="651" ind1=" " ind2="7"><marc:subfield code="a">United States.</marc:subfield><marc:subfield code="2">fast</marc:subfield><marc:subfield code="0">(OCoLC)fst01204155</marc:subfield></marc:datafield><marc:datafield tag="655" ind1=" " ind2="7"><marc:subfield code="a">Periodicals.</marc:subfield><marc:subfield code="2">fast</marc:subfield><marc:subfield code="0">(OCoLC)fst01411641</marc:subfield></marc:datafield><marc:datafield tag="710" ind1="2" ind2=" "><marc:subfield code="a">Hawaii Agricultural Experiment Station</marc:subfield><marc:subfield code="t">Annual report of the Hawaii Agricultural Experiment Station for ...</marc:subfield></marc:datafield><marc:datafield tag="710" ind1="2" ind2=" "><marc:subfield code="a">Alaska Agricultural Experiment Stations (U.S.).</marc:subfield><marc:subfield code="t">Annual report of the Alaska Agricultural Experiment Stations for ...</marc:subfield></marc:datafield><marc:datafield tag="710" ind1="2" ind2=" "><marc:subfield code="a">Porto Rico Agricultural Experiment Station.</marc:subfield><marc:subfield code="t">Annual report of the Porto Rico Agricultural Experiment Station for ...</marc:subfield></marc:datafield><marc:datafield tag="730" ind1="0" ind2=" "><marc:subfield code="a">Statistics of the land-grant colleges and agricultural experiment stations in the United States for the year ending ...</marc:subfield></marc:datafield><marc:datafield tag="740" ind1="0" ind2="2"><marc:subfield code="a">Report of irrigation investigations.</marc:subfield></marc:datafield><marc:datafield tag="740" ind1="0" ind2="2"><marc:subfield code="a">Report of irrigation and drainage investigations.</marc:subfield></marc:datafield><marc:datafield tag="776" ind1="0" ind2="8"><marc:subfield code="i">Print version:</marc:subfield><marc:subfield code="a">United States. Office of Experiment Stations.</marc:subfield><marc:subfield code="t">Annual report of the Office of Experiment Stations for the year ended ...</marc:subfield><marc:subfield code="w">(DLC)sn 86034054</marc:subfield><marc:subfield code="w">(OCoLC)4320958</marc:subfield></marc:datafield><marc:datafield tag="780" ind1="0" ind2="0"><marc:subfield code="a">United States. Office of Experiment Stations.</marc:subfield><marc:subfield code="t">Report on the work and expenditures of the agricultural experiment stations for the year ended ...</marc:subfield></marc:datafield><marc:datafield tag="780" ind1="1" ind2="5"><marc:subfield code="a">United States. Office of Experiment Stations.</marc:subfield><marc:subfield code="t">Report of irrigation investigations</marc:subfield><marc:subfield code="g">1903</marc:subfield></marc:datafield><marc:datafield tag="785" ind1="1" ind2="7"><marc:subfield code="a">United States. Office of Experiment Stations.</marc:subfield><marc:subfield code="t">Report on drainage investigations</marc:subfield><marc:subfield code="g">1903</marc:subfield></marc:datafield><marc:datafield tag="785" ind1="1" ind2="7"><marc:subfield code="a">United States. Office of Experiment Stations.</marc:subfield><marc:subfield code="t">Report on irrigation investigations in humid sections of the United States in ...</marc:subfield><marc:subfield code="g">1903</marc:subfield></marc:datafield><marc:datafield tag="785" ind1="1" ind2="7"><marc:subfield code="a">United States. Office of Experiment Stations.</marc:subfield><marc:subfield code="t">Annual report of irrigation and drainage investigations</marc:subfield><marc:subfield code="g">1904</marc:subfield></marc:datafield><marc:datafield tag="785" ind1="0" ind2="0"><marc:subfield code="a">United States. Office of Experiment Stations.</marc:subfield><marc:subfield code="t">Report on the work and expenditures of the agricultural experiment stations during the fiscal year ended ...</marc:subfield></marc:datafield><marc:datafield tag="787" ind1="1" ind2=" "><marc:subfield code="a">Porto Rico Agricultural Experiment Station.</marc:subfield><marc:subfield code="s">Annual report of the Porto Rico Agricultural Experiment Station (1901)</marc:subfield><marc:subfield code="g">1901-1904</marc:subfield></marc:datafield><marc:datafield tag="787" ind1="1" ind2=" "><marc:subfield code="t">Statistics of the land-grant colleges and agricultural experiment stations in the United States for the year ending ...</marc:subfield><marc:subfield code="g">1903-1912</marc:subfield></marc:datafield><marc:datafield tag="787" ind1="1" ind2=" "><marc:subfield code="a">Hawaii Agricultural Experiment Station.</marc:subfield><marc:subfield code="t">Annual report of the Hawaii Agricultural Experiment Station for ...</marc:subfield><marc:subfield code="g">1901-1904</marc:subfield></marc:datafield><marc:datafield tag="787" ind1="1" ind2=" "><marc:subfield code="a">Alaska Agricultural Experiment Stations (U.S.).</marc:subfield><marc:subfield code="t">Annual report of the Alaska Agricultural Experiment Stations for ...</marc:subfield><marc:subfield code="g">1901-1904</marc:subfield></marc:datafield><marc:datafield tag="830" ind1=" " ind2="0"><marc:subfield code="a">Senate document (United States. Congress. Senate)</marc:subfield></marc:datafield><marc:datafield tag="830" ind1=" " ind2="0"><marc:subfield code="a">House document (United States. Congress. House)</marc:subfield></marc:datafield><marc:datafield tag="856" ind1="4" ind2="0"><marc:subfield code="z">Available at UNT Digital Library</marc:subfield><marc:subfield code="u">http://purl.fdlp.gov/GPO/gpo49738</marc:subfield></marc:datafield><marc:datafield tag="856" ind1="4" ind2=" "><marc:subfield code="u">http://digital.library.unt.edu/explore/collections/USESRT/browse/</marc:subfield></marc:datafield><marc:datafield tag="994" ind1=" " ind2=" "><marc:subfield code="a">C0</marc:subfield><marc:subfield code="b">GPO</marc:subfield></marc:datafield><marc:datafield tag="049" ind1=" " ind2=" "><marc:subfield code="a">XZL4</marc:subfield></marc:datafield><marc:datafield tag="955" ind1=" " ind2=" "><marc:subfield code="a">CATPART; UNT</marc:subfield></marc:datafield><marc:datafield tag="955" ind1=" " ind2=" "><marc:subfield code="a">bca35 20140610</marc:subfield><marc:subfield code="b">20140610</marc:subfield></marc:datafield></marc:record>