
<marc:record><marc:leader>03633cam a2200481 i 4500</marc:leader>
<marc:controlfield tag="001">001023069</marc:controlfield>
<marc:controlfield tag="005">20170816082506.0</marc:controlfield><marc:controlfield tag="006">m     o  d f      </marc:controlfield><marc:controlfield tag="007">cr an|||||||||</marc:controlfield><marc:controlfield tag="008">040412m18321861dcub    o    f000 0 eng c</marc:controlfield><marc:datafield tag="019" ind1=" " ind2=" "><marc:subfield code="a">659687389</marc:subfield><marc:subfield code="a">754433249</marc:subfield><marc:subfield code="a">796381896</marc:subfield><marc:subfield code="a">798529367</marc:subfield><marc:subfield code="a">799856827</marc:subfield><marc:subfield code="a">875861094</marc:subfield><marc:subfield code="a">908029808</marc:subfield><marc:subfield code="a">993788082</marc:subfield></marc:datafield><marc:datafield tag="035" ind1=" " ind2=" "><marc:subfield code="a">(OCoLC)54935102</marc:subfield><marc:subfield code="z">(OCoLC)659687389</marc:subfield><marc:subfield code="z">(OCoLC)754433249</marc:subfield><marc:subfield code="z">(OCoLC)796381896</marc:subfield><marc:subfield code="z">(OCoLC)798529367</marc:subfield><marc:subfield code="z">(OCoLC)799856827</marc:subfield><marc:subfield code="z">(OCoLC)875861094</marc:subfield><marc:subfield code="z">(OCoLC)908029808</marc:subfield><marc:subfield code="z">(OCoLC)993788082</marc:subfield></marc:datafield><marc:datafield tag="040" ind1=" " ind2=" "><marc:subfield code="a">CLL</marc:subfield><marc:subfield code="b">eng</marc:subfield><marc:subfield code="e">rda</marc:subfield><marc:subfield code="e">pn</marc:subfield><marc:subfield code="c">CLL</marc:subfield><marc:subfield code="d">OCL</marc:subfield><marc:subfield code="d">OCLCQ</marc:subfield><marc:subfield code="d">DOS</marc:subfield><marc:subfield code="d">OCLCE</marc:subfield><marc:subfield code="d">MIGCL</marc:subfield><marc:subfield code="d">OCLCO</marc:subfield><marc:subfield code="d">OCLCQ</marc:subfield><marc:subfield code="d">OCLCF</marc:subfield><marc:subfield code="d">OCL</marc:subfield><marc:subfield code="d">OCLCO</marc:subfield><marc:subfield code="d">OCL</marc:subfield><marc:subfield code="d">OCLCQ</marc:subfield><marc:subfield code="d">OCL</marc:subfield><marc:subfield code="d">AGLDB</marc:subfield><marc:subfield code="d">GPO</marc:subfield></marc:datafield><marc:datafield tag="042" ind1=" " ind2=" "><marc:subfield code="a">dlr</marc:subfield><marc:subfield code="a">pcc</marc:subfield></marc:datafield><marc:datafield tag="043" ind1=" " ind2=" "><marc:subfield code="a">n-us---</marc:subfield></marc:datafield><marc:datafield tag="086" ind1="0" ind2=" "><marc:subfield code="a">Y 1.1:AM 3/</marc:subfield></marc:datafield><marc:datafield tag="245" ind1="0" ind2="0"><marc:subfield code="a">American state papers :</marc:subfield><marc:subfield code="b">documents, legislative and executive, of the Congress of the United States /</marc:subfield><marc:subfield code="c">selected and edited under the authority of Congress.</marc:subfield></marc:datafield><marc:datafield tag="260" ind1=" " ind2=" "><marc:subfield code="a">Washington :</marc:subfield><marc:subfield code="b">Gales and Seaton,</marc:subfield><marc:subfield code="c">1832-1861.</marc:subfield></marc:datafield><marc:datafield tag="300" ind1=" " ind2=" "><marc:subfield code="a">1 online resource (38 volumes) :</marc:subfield><marc:subfield code="b">maps</marc:subfield></marc:datafield><marc:datafield tag="336" ind1=" " ind2=" "><marc:subfield code="a">text</marc:subfield><marc:subfield code="b">txt</marc:subfield><marc:subfield code="2">rdacontent</marc:subfield></marc:datafield><marc:datafield tag="337" ind1=" " ind2=" "><marc:subfield code="a">computer</marc:subfield><marc:subfield code="b">c</marc:subfield><marc:subfield code="2">rdamedia</marc:subfield></marc:datafield><marc:datafield tag="338" ind1=" " ind2=" "><marc:subfield code="a">online resource</marc:subfield><marc:subfield code="b">cr</marc:subfield><marc:subfield code="2">rdacarrier</marc:subfield></marc:datafield><marc:datafield tag="588" ind1=" " ind2=" "><marc:subfield code="a">Description based on online resource; title from v. 1 title page (Library of Congress web site, viewed on Aug. 2, 2017).</marc:subfield></marc:datafield><marc:datafield tag="500" ind1=" " ind2=" "><marc:subfield code="a">Publication pre-dates Federal Depository Library Program (FDLP) item numbers. No FDLP item number has been assigned.</marc:subfield></marc:datafield><marc:datafield tag="505" ind1="0" ind2=" "><marc:subfield code="a">Class I. Foreign relations. 6 v. 1st Cong.-20th Cong., 1st sess., Apr. 30, 1789-May 24, 1828 -- class II. Indian affairs. 2 v. 1st Cong.-19th Cong., May 25, 1789-Mar. 1, 1827 -- class III. Finance. 5 v. 1st Cong.-20th Cong., 1st sess., Apr. 11, 1789-May 16 1828 -- class IV. Commerce and navigation. 2 v. 1st Cong.-17th Cong., Apr. 13, 1789-Feb. 25, 1823 -- Class V. Military affairs. 7 v. 1st Cong.-25th Cong., 2nd sess., Aug. 10, 1789-Mar. 1,1838 -- class VI. Naval affairs. 4 v. 3rd Cong.-24th Cong., 1st sess., Jan. 20, 1794-June 15, 1836 -- class VII. Post Office Dept. 1 v. 1st Cong., 2nd sess.-22nd Cong., Jan. 22, 1790-Feb. 21, 1833 -- class VIII. Public lands. 8 v. 1st Cong.-24th Cong., July 31, 1789-Feb. 28, 1837 -- class IX. Claims. 1 v. 1st Cong., 2nd sess.-17th Cong., Feb. 5, 1790-Mar. 3, 1823 -- class X. Miscellaneous. 2 v. 1st Cong.-17th Cong., Apr. 17,1789-Mar. 3, 1823.</marc:subfield></marc:datafield><marc:datafield tag="520" ind1="8" ind2=" "><marc:subfield code="a">&quot;The American State Papers, comprising a total of thirty-eight physical volumes, contain the legislative and executive documents of Congress during the period 1789 to 1838. The collection includes documents that cover the critical historical gap from 1789 to the printing of the first volume of the U.S. Serial Set in 1817. The books are arranged into ten topical classes or series.&quot;</marc:subfield></marc:datafield><marc:datafield tag="650" ind1=" " ind2="0"><marc:subfield code="a">Public law</marc:subfield><marc:subfield code="z">United States</marc:subfield><marc:subfield code="v">Sources.</marc:subfield></marc:datafield><marc:datafield tag="651" ind1=" " ind2="0"><marc:subfield code="a">United States</marc:subfield><marc:subfield code="x">Foreign relations</marc:subfield><marc:subfield code="x">Law and legislation</marc:subfield><marc:subfield code="v">Sources.</marc:subfield></marc:datafield><marc:datafield tag="651" ind1=" " ind2="0"><marc:subfield code="a">United States</marc:subfield><marc:subfield code="x">Politics and government</marc:subfield><marc:subfield code="y">1789-1815</marc:subfield><marc:subfield code="v">Sources.</marc:subfield></marc:datafield><marc:datafield tag="651" ind1=" " ind2="0"><marc:subfield code="a">United States</marc:subfield><marc:subfield code="x">Politics and government</marc:subfield><marc:subfield code="y">1809-1817</marc:subfield><marc:subfield code="v">Sources.</marc:subfield></marc:datafield><marc:datafield tag="650" ind1=" " ind2="7"><marc:subfield code="a">Diplomatic relations</marc:subfield><marc:subfield code="x">Law and legislation.</marc:subfield><marc:subfield code="2">fast</marc:subfield><marc:subfield code="0">(OCoLC)fst01910430</marc:subfield></marc:datafield><marc:datafield tag="650" ind1=" " ind2="7"><marc:subfield code="a">Politics and government</marc:subfield><marc:subfield code="2">fast</marc:subfield><marc:subfield code="0">(OCoLC)fst01919741</marc:subfield></marc:datafield><marc:datafield tag="650" ind1=" " ind2="7"><marc:subfield code="a">Public law.</marc:subfield><marc:subfield code="2">fast</marc:subfield><marc:subfield code="0">(OCoLC)fst01082619</marc:subfield></marc:datafield><marc:datafield tag="651" ind1=" " ind2="7"><marc:subfield code="a">United States.</marc:subfield><marc:subfield code="2">fast</marc:subfield><marc:subfield code="0">(OCoLC)fst01204155</marc:subfield></marc:datafield><marc:datafield tag="648" ind1=" " ind2="7"><marc:subfield code="a">1789-1817</marc:subfield><marc:subfield code="2">fast</marc:subfield></marc:datafield><marc:datafield tag="655" ind1=" " ind2="7"><marc:subfield code="a">Sources.</marc:subfield><marc:subfield code="2">fast</marc:subfield><marc:subfield code="0">(OCoLC)fst01423900</marc:subfield></marc:datafield><marc:datafield tag="776" ind1="0" ind2="8"><marc:subfield code="i">Print version:</marc:subfield><marc:subfield code="t">American state papers</marc:subfield><marc:subfield code="w">(DLC) 09033892</marc:subfield><marc:subfield code="w">(OCoLC)35687951</marc:subfield></marc:datafield><marc:datafield tag="856" ind1="4" ind2="0"><marc:subfield code="u">https://purl.fdlp.gov/GPO/gpo83358</marc:subfield></marc:datafield><marc:datafield tag="856" ind1="4" ind2=" "><marc:subfield code="z">Address at time of PURL creation</marc:subfield><marc:subfield code="u">http://memory.loc.gov/ammem/amlaw/lwsp.html</marc:subfield></marc:datafield><marc:datafield tag="994" ind1=" " ind2=" "><marc:subfield code="a">C0</marc:subfield><marc:subfield code="b">GPO</marc:subfield></marc:datafield><marc:datafield tag="049" ind1=" " ind2=" "><marc:subfield code="a">XZLA</marc:subfield></marc:datafield><marc:datafield tag="955" ind1=" " ind2=" "><marc:subfield code="a">BCS1;</marc:subfield></marc:datafield><marc:datafield tag="955" ind1=" " ind2=" "><marc:subfield code="a">bca10 20170802</marc:subfield><marc:subfield code="b">20170802</marc:subfield></marc:datafield></marc:record>