
<marc:record><marc:leader>03261cam a2200577 i 4500</marc:leader>
<marc:controlfield tag="001">001089142</marc:controlfield>
<marc:controlfield tag="005">20181219105154.0</marc:controlfield><marc:controlfield tag="006">m     o  d f      </marc:controlfield><marc:controlfield tag="007">cr gn|||||||||</marc:controlfield><marc:controlfield tag="008">161114s1936    dcuab   obs  f000 0 eng c</marc:controlfield><marc:datafield tag="035" ind1=" " ind2=" "><marc:subfield code="a">(OCoLC)962484899</marc:subfield></marc:datafield><marc:datafield tag="040" ind1=" " ind2=" "><marc:subfield code="a">KUK</marc:subfield><marc:subfield code="b">eng</marc:subfield><marc:subfield code="e">rda</marc:subfield><marc:subfield code="e">pn</marc:subfield><marc:subfield code="c">KUK</marc:subfield><marc:subfield code="d">OCLCF</marc:subfield><marc:subfield code="d">OCLCQ</marc:subfield><marc:subfield code="d">OCLCA</marc:subfield><marc:subfield code="d">GPO</marc:subfield></marc:datafield><marc:datafield tag="042" ind1=" " ind2=" "><marc:subfield code="a">pcc</marc:subfield></marc:datafield><marc:datafield tag="043" ind1=" " ind2=" "><marc:subfield code="a">n-us-ga</marc:subfield><marc:subfield code="a">n-us-al</marc:subfield></marc:datafield><marc:datafield tag="086" ind1="0" ind2=" "><marc:subfield code="a">Y 3.W 89/2:13/J-5</marc:subfield></marc:datafield><marc:datafield tag="100" ind1="1" ind2=" "><marc:subfield code="a">Troxell, W. W.</marc:subfield><marc:subfield code="q">(Willard Wilson),</marc:subfield><marc:subfield code="d">1893-1948,</marc:subfield><marc:subfield code="e">author.</marc:subfield></marc:datafield><marc:datafield tag="245" ind1="1" ind2="0"><marc:subfield code="a">Combined farming-industrial employment in the naval stores subregion of Georgia and Alabama :</marc:subfield><marc:subfield code="b">preliminary report.</marc:subfield></marc:datafield><marc:datafield tag="264" ind1=" " ind2="1"><marc:subfield code="a">[Washington, D.C.] :</marc:subfield><marc:subfield code="b">Resettlement Administration,</marc:subfield><marc:subfield code="c">1936.</marc:subfield></marc:datafield><marc:datafield tag="300" ind1=" " ind2=" "><marc:subfield code="a">1 online resource ([60] pages) :</marc:subfield><marc:subfield code="b">illustrations, maps.</marc:subfield></marc:datafield><marc:datafield tag="336" ind1=" " ind2=" "><marc:subfield code="a">text</marc:subfield><marc:subfield code="b">txt</marc:subfield><marc:subfield code="2">rdacontent</marc:subfield></marc:datafield><marc:datafield tag="337" ind1=" " ind2=" "><marc:subfield code="a">computer</marc:subfield><marc:subfield code="b">c</marc:subfield><marc:subfield code="2">rdamedia</marc:subfield></marc:datafield><marc:datafield tag="338" ind1=" " ind2=" "><marc:subfield code="a">online resource</marc:subfield><marc:subfield code="b">cr</marc:subfield><marc:subfield code="2">rdacarrier</marc:subfield></marc:datafield><marc:datafield tag="490" ind1="1" ind2=" "><marc:subfield code="a">Research bulletin / [Works Progress Administration] ;</marc:subfield><marc:subfield code="v">J-5</marc:subfield></marc:datafield><marc:datafield tag="500" ind1=" " ind2=" "><marc:subfield code="a">&quot;November 1936.&quot;</marc:subfield></marc:datafield><marc:datafield tag="500" ind1=" " ind2=" "><marc:subfield code="a">&quot;Permission to publish this bulletin for administrative use was granted by the Works Progress Administration ... The study was initiated by the Division of Research, Statistics, and Finance of the Federal Emergency Relief Administration and completed by the Division of Social Research of the Works Progress Administration&quot;--Page 2 of cover.</marc:subfield></marc:datafield><marc:datafield tag="500" ind1=" " ind2=" "><marc:subfield code="a">&quot;Prepared by W. W. Troxell [and three others]&quot;--Page 2 of cover.</marc:subfield></marc:datafield><marc:datafield tag="500" ind1=" " ind2=" "><marc:subfield code="a">No FDLP item number available.</marc:subfield></marc:datafield><marc:datafield tag="504" ind1=" " ind2=" "><marc:subfield code="a">Includes bibliographical references.</marc:subfield></marc:datafield><marc:datafield tag="588" ind1=" " ind2=" "><marc:subfield code="a">Description based on online resource; title from PDF cover page (UKY, viewed Dec. 19, 2018).</marc:subfield></marc:datafield><marc:datafield tag="650" ind1=" " ind2="0"><marc:subfield code="a">Part-time farming</marc:subfield><marc:subfield code="z">Georgia</marc:subfield><marc:subfield code="z">Coffee County</marc:subfield><marc:subfield code="v">Case studies.</marc:subfield></marc:datafield><marc:datafield tag="650" ind1=" " ind2="0"><marc:subfield code="a">Part-time farming</marc:subfield><marc:subfield code="z">Georgia</marc:subfield><marc:subfield code="z">Coffee County</marc:subfield><marc:subfield code="v">Statistics.</marc:subfield></marc:datafield><marc:datafield tag="650" ind1=" " ind2="0"><marc:subfield code="a">Farmers, Part-time</marc:subfield><marc:subfield code="z">Georgia</marc:subfield><marc:subfield code="z">Coffee County</marc:subfield><marc:subfield code="x">Social conditions</marc:subfield><marc:subfield code="y">20th century</marc:subfield><marc:subfield code="v">Statistics.</marc:subfield></marc:datafield><marc:datafield tag="650" ind1=" " ind2="0"><marc:subfield code="a">Farmers, Part-time</marc:subfield><marc:subfield code="z">Georgia</marc:subfield><marc:subfield code="z">Coffee County</marc:subfield><marc:subfield code="x">Economic conditions</marc:subfield><marc:subfield code="y">20th century</marc:subfield><marc:subfield code="v">Statistics.</marc:subfield></marc:datafield><marc:datafield tag="650" ind1=" " ind2="0"><marc:subfield code="a">Naval stores industry</marc:subfield><marc:subfield code="x">Employees</marc:subfield><marc:subfield code="x">Supplementary employment</marc:subfield><marc:subfield code="z">Georgia</marc:subfield><marc:subfield code="z">Coffee County.</marc:subfield></marc:datafield><marc:datafield tag="650" ind1=" " ind2="0"><marc:subfield code="a">Turpentine industry workers</marc:subfield><marc:subfield code="x">Supplementary employment</marc:subfield><marc:subfield code="z">Georgia</marc:subfield><marc:subfield code="z">Coffee County.</marc:subfield></marc:datafield><marc:datafield tag="650" ind1=" " ind2="0"><marc:subfield code="a">Naval stores industry</marc:subfield><marc:subfield code="z">Alabama.</marc:subfield></marc:datafield><marc:datafield tag="650" ind1=" " ind2="7"><marc:subfield code="a">Part-time farming.</marc:subfield><marc:subfield code="2">fast</marc:subfield><marc:subfield code="0">(OCoLC)fst01053995</marc:subfield></marc:datafield><marc:datafield tag="651" ind1=" " ind2="7"><marc:subfield code="a">Alabama.</marc:subfield><marc:subfield code="2">fast</marc:subfield><marc:subfield code="0">(OCoLC)fst01204694</marc:subfield></marc:datafield><marc:datafield tag="651" ind1=" " ind2="7"><marc:subfield code="a">Georgia.</marc:subfield><marc:subfield code="2">fast</marc:subfield><marc:subfield code="0">(OCoLC)fst01204622</marc:subfield></marc:datafield><marc:datafield tag="655" ind1=" " ind2="7"><marc:subfield code="a">Case studies.</marc:subfield><marc:subfield code="2">lcgft</marc:subfield></marc:datafield><marc:datafield tag="655" ind1=" " ind2="7"><marc:subfield code="a">Statistics.</marc:subfield><marc:subfield code="2">lcgft</marc:subfield></marc:datafield><marc:datafield tag="710" ind1="1" ind2=" "><marc:subfield code="a">United States.</marc:subfield><marc:subfield code="b">Resettlement Administration,</marc:subfield><marc:subfield code="e">issuing body.</marc:subfield></marc:datafield><marc:datafield tag="710" ind1="1" ind2=" "><marc:subfield code="a">United States.</marc:subfield><marc:subfield code="b">Federal Emergency Relief Administration.</marc:subfield><marc:subfield code="b">Division of Research, Statistics, and Finance.</marc:subfield></marc:datafield><marc:datafield tag="710" ind1="1" ind2=" "><marc:subfield code="a">United States.</marc:subfield><marc:subfield code="b">Works Progress Administration.</marc:subfield><marc:subfield code="b">Division of Social Research.</marc:subfield></marc:datafield><marc:datafield tag="776" ind1="0" ind2="8"><marc:subfield code="i">Print version:</marc:subfield><marc:subfield code="a">Troxell, W. W. (Willard Wilson), 1893-1948.</marc:subfield><marc:subfield code="t">Combined farming-industrial employment in the naval stores subregion of Georgia and Alabama</marc:subfield><marc:subfield code="w">(OCoLC)458562812</marc:subfield></marc:datafield><marc:datafield tag="830" ind1=" " ind2="0"><marc:subfield code="a">Research bulletin (United States. Works Progress Administration) ;</marc:subfield><marc:subfield code="v">J-5.</marc:subfield></marc:datafield><marc:datafield tag="856" ind1="4" ind2="0"><marc:subfield code="u">https://purl.fdlp.gov/GPO/gpo113435</marc:subfield></marc:datafield><marc:datafield tag="856" ind1="4" ind2=" "><marc:subfield code="z">Address at time of PURL creation</marc:subfield><marc:subfield code="3">ExploreUK</marc:subfield><marc:subfield code="u">http://exploreuk.uky.edu/catalog/xt734t6f3m11_1</marc:subfield></marc:datafield><marc:datafield tag="994" ind1=" " ind2=" "><marc:subfield code="a">C0</marc:subfield><marc:subfield code="b">GPO</marc:subfield></marc:datafield><marc:datafield tag="049" ind1=" " ind2=" "><marc:subfield code="a">XZL4</marc:subfield></marc:datafield><marc:datafield tag="955" ind1=" " ind2=" "><marc:subfield code="a">CATPART; UKY;</marc:subfield><marc:subfield code="a">bc81 20181219</marc:subfield><marc:subfield code="b">20181219</marc:subfield></marc:datafield></marc:record>